@article{1742-6596-396-2-022003,
  author={S Banerjee},
  title={CMS Simulation Software},
  journal={Journal of Physics: Conference Series},
  volume={396},
  number={2},
  pages={022003},
  url={http://stacks.iop.org/1742-6596/396/i=2/a=022003},
  year={2012},
 }
@online{HiggsCombine,
    author = {Higgs working group},
	title = {Documentation of the RooStats based statistics tools for Higgs PAG},
	month = {Aug},
	url = {https://twiki.cern.ch/twiki/bin/viewauth/CMS/SWGuideHiggsAnalysisCombinedLimit},
	year = {2017},
}
@article{Ball:2012cx,
	author         = "Ball, Richard D. and others",
	title          = "{Parton distributions with LHC data}",
	journal        = "Nucl. Phys.",
	volume         = "B867",
	year           = "2013",
	pages          = "244-289",
	doi            = "10.1016/j.nuclphysb.2012.10.003",
	eprint         = "1207.1303",
	archivePrefix  = "arXiv",
	primaryClass   = "hep-ph",
	reportNumber   = "EDINBURGH-2012-08, IFUM-FT-997, FR-PHENO-2012-014,
	RWTH-TTK-12-25, CERN-PH-TH-2012-037, SFB-CPP-12-47",
	SLACcitation   = "%%CITATION = ARXIV:1207.1303;%%"
}
@article{Martin:2008cn,
      author         = "Martin, Alan D.",
      title          = "{Proton structure, Partons, QCD, DGLAP and beyond}",
      booktitle      = "{QCD, low x physics, saturation and diffraction.
                        Proceedings, School, Copanello, Italy, July 1-14, 2007}",
      journal        = "Acta Phys. Polon.",
      volume         = "B39",
      year           = "2008",
      pages          = "2025-2062",
      eprint         = "0802.0161",
      archivePrefix  = "arXiv",
      primaryClass   = "hep-ph",
      reportNumber   = "IPPP-08-03, DCPT-08-06",
      SLACcitation   = "%%CITATION = ARXIV:0802.0161;%%"
}
@article{JUNK1999435,
	title = "Confidence level computation for combining searches with small statistics",
	journal = "Nuclear Instruments and Methods in Physics Research Section A: Accelerators, Spectrometers, Detectors and Associated Equipment",
	volume = "434",
	number = "2",
	pages = "435 - 443",
	year = "1999",
	issn = "0168-9002",
	doi = "https://doi.org/10.1016/S0168-9002(99)00498-2",
	url = "http://www.sciencedirect.com/science/article/pii/S0168900299004982",
	author = "Thomas Junk",
	keywords = "Confidence level computation Poisson statistical"
}
  @techreport{CMS-NOTE-2011-005,
  	title         = "{Procedure for the LHC Higgs boson search combination in
  	Summer 2011}",
  	institution   = "CERN",
  	collaboration = "The ATLAS Collaboration, The CMS Collaboration, The LHC
  	Higgs Combination Group",
  	address       = "Geneva",
  	number        = "CMS-NOTE-2011-005. ATL-PHYS-PUB-2011-11",
  	month         = "Aug",
  	year          = "2011",
  	reportNumber  = "CMS-NOTE-2011-005",
  	url           = "http://cds.cern.ch/record/1379837",
  }	
@article{0954-3899-28-10-313,
	author={A L Read},
	title={Presentation of search results: the CL s technique},
	journal={Journal of Physics G: Nuclear and Particle Physics},
	volume={28},
	number={10},
	pages={2693},
	url={http://stacks.iop.org/0954-3899/28/i=10/a=313},
	year={2002},
}
@inproceedings{Conway:2011in,
	author         = "Conway, J. S.",
	title          = "{Incorporating Nuisance Parameters in Likelihoods for
	Multisource Spectra}",
	booktitle      = "{Proceedings, PHYSTAT 2011 Workshop on Statistical Issues
	Related to Discovery Claims in Search Experiments and
	Unfolding, CERN,Geneva, Switzerland 17-20 January 2011}",
	year           = "2011",
	url            = "https://inspirehep.net/record/891252/files/arXiv:1103.0354.pdf",
	pages          = "115-120",
	doi            = "10.5170/CERN-2011-006.115",
	eprint         = "1103.0354",
	archivePrefix  = "arXiv",
	primaryClass   = "physics.data-an",
	SLACcitation   = "%%CITATION = ARXIV:1103.0354;%%"
}
@techreport{CMS-PAS-HIG-12-020,
      title         = "{Observation of a new boson with a mass near 125 GeV}",
      institution   = "CERN",
      collaboration = "CMS Collaboration",
      address       = "Geneva",
      number        = "CMS-PAS-HIG-12-020",
      year          = "2012",
      reportNumber  = "CMS-PAS-HIG-12-020",
      url           = "https://cds.cern.ch/record/1460438",
}

@article{Moneta:2010pm,
      author         = "Moneta, Lorenzo and Belasco, Kevin and Cranmer, Kyle S.
                        and Kreiss, S. and Lazzaro, Alfio and Piparo, Danilo and
                        Schott, Gregory and Verkerke, Wouter and Wolf, Matthias",
      title          = "{The RooStats Project}",
      booktitle      = "{Proceedings, 13th International Workshop on Advanced
                        computing and analysis techniques in physics research
                        (ACAT2010): Jaipur, India, February 22-27, 2010}",
      journal        = "PoS",
      volume         = "ACAT2010",
      year           = "2010",
      pages          = "057",
      eprint         = "1009.1003",
      archivePrefix  = "arXiv",
      primaryClass   = "physics.data-an",
      SLACcitation   = "%%CITATION = ARXIV:1009.1003;%%"
}
@article{Cowan:2010js,
      author         = "Cowan, Glen and Cranmer, Kyle and Gross, Eilam and
                        Vitells, Ofer",
      title          = "{Asymptotic formulae for likelihood-based tests of new
                        physics}",
      journal        = "Eur. Phys. J.",
      volume         = "C71",
      year           = "2011",
      pages          = "1554",
      doi            = "10.1140/epjc/s10052-011-1554-0,
                        10.1140/epjc/s10052-013-2501-z",
      note           = "[Erratum: Eur. Phys. J.C73,2501(2013)]",
      eprint         = "1007.1727",
      archivePrefix  = "arXiv",
      primaryClass   = "physics.data-an",
      SLACcitation   = "%%CITATION = ARXIV:1007.1727;%%"
}
@article{Chatrchyan:2012tx,
      author         = "Chatrchyan, Serguei and others",
      title          = "{Combined results of searches for the standard model
                        Higgs boson in $pp$ collisions at $\sqrt{s}=7$ TeV}",
      collaboration  = "CMS",
      journal        = "Phys. Lett.",
      volume         = "B710",
      year           = "2012",
      pages          = "26-48",
      doi            = "10.1016/j.physletb.2012.02.064",
      eprint         = "1202.1488",
      archivePrefix  = "arXiv",
      primaryClass   = "hep-ex",
      reportNumber   = "CMS-HIG-11-032, CERN-PH-EP-2012-023",
      SLACcitation   = "%%CITATION = ARXIV:1202.1488;%%"
}
@book{Behnke:2013:DAH:2564838,
	author = {Behnke, Olaf and Kroninger, Kevin and Schott, Gregory and Schorner-Sadenius, Thomas},
	title = {Data Analysis in High Energy Physics: A Practical Guide to Statistical Methods},
	year = {2013},
	isbn = {3527410589, 9783527410583},
	edition = {1st},
	publisher = {Wiley-VCH},
}

@online{ROC,
  author = {Christian B\"oser and Simon Fink and Steffen R\"ocker}, 
  title= {Introduction to Boosted Decision Trees: A multivariate approach to classification problems.},
  year= "2014",
  month= "Jul",
  note= {Presented at the 'KSETA Doktoranden' workshop, Lauterbad},
  url ={https://indico.scc.kit.edu/indico/event/48/session/4/contribution/35/material/slides/0.pdf}}
}
@online{CTEQ,
	author = {CTEQ},
	title= {The coordinated Theoretical-Experimental Project on QCD.},
	year= "2016",
	month= "Feb",
	url={http://www.physics.smu.edu/scalise/cteq/}
}
@article{CLs,
	author        = {Cowan, Glen and Cranmer, Kyle and Gross, Eilam and Vitells, Ofer},
	title         = {Asymptotic formulae for likelihood-based tests of new physics},
	journal       = {The European Physical Journal C},
	volume        = {71},
	number        = {2},
	issn          = {1434-6052},
	year          = {2011},
	month         = {Feb},
	doi           = {10.1140/epjc/s10052-011-1554-0},
	eprint        = {1007.1727},
	archivePrefix = {arXiv},
	primaryClass  = {hep-ph},
	SLACcitation  = {%%CITATION = arXiv:hep-ph/1007.1727;%%},
}
@article{Abramowicz:1998ii,
	author         = "Abramowicz, H. and Caldwell, A.",
	title          = "{HERA collider physics}",
	journal        = "Rev. Mod. Phys.",
	volume         = "71",
	year           = "1999",
	pages          = "1275-1410",
	doi            = "10.1103/RevModPhys.71.1275",
	eprint         = "hep-ex/9903037",
	archivePrefix  = "arXiv",
	primaryClass   = "hep-ex",
	reportNumber   = "DESY-98-192",
	SLACcitation   = "%%CITATION = HEP-EX/9903037;%%"
}
@article{Rojo:2015acz,
	author         = "Rojo, Juan and others",
	title          = "{The PDF4LHC report on PDFs and LHC data: Results from
	Run I and preparation for Run II}",
	journal        = "J. Phys.",
	volume         = "G42",
	year           = "2015",
	pages          = "103103",
	doi            = "10.1088/0954-3899/42/10/103103",
	eprint         = "1507.00556",
	archivePrefix  = "arXiv",
	primaryClass   = "hep-ph",
	reportNumber   = "OUTP-15-11P, LCTS-2015-14, GLAS-PPE-2015-01, DESY-15-088,
	JLAB-THY-15-2064, CERN-PH-TH-2015-150, --JLAB-THY-15-2064",
	SLACcitation   = "%%CITATION = ARXIV:1507.00556;%%"
}
@article{Holmes:2011ey,
	author         = "Holmes, Stephen and Moore, Ronald S. and Shiltsev,
	Vladimir",
	title          = "{Overview of the Tevatron Collider Complex: Goals,
	Operations and Performance}",
	journal        = "JINST",
	volume         = "6",
	year           = "2011",
	pages          = "T08001",
	doi            = "10.1088/1748-0221/6/08/T08001",
	eprint         = "1106.0909",
	archivePrefix  = "arXiv",
	primaryClass   = "physics.acc-ph",
	reportNumber   = "FERMILAB-PUB-11-245-AD-APC",
	SLACcitation   = "%%CITATION = ARXIV:1106.0909;%%"
}
@article{Butterworth:2015oua,
	author         = "Butterworth, Jon and others",
	title          = "{PDF4LHC recommendations for LHC Run II}",
	journal        = "J. Phys.",
	volume         = "G43",
	year           = "2016",
	pages          = "023001",
	doi            = "10.1088/0954-3899/43/2/023001",
	eprint         = "1510.03865",
	archivePrefix  = "arXiv",
	primaryClass   = "hep-ph",
	reportNumber   = "OUTP-15-17P, SMU-HEP-15-12, TIF-UNIMI-2015-14,
	LCTS-2015-27, CERN-PH-TH-2015-249",
	SLACcitation   = "%%CITATION = ARXIV:1510.03865;%%"
}
@article{Pumplin:2001ct,
	author         = "Pumplin, J. and Stump, D. and Brock, R. and Casey, D. and
	Huston, J. and Kalk, J. and Lai, H. L. and Tung, W. K.",
	title          = "{Uncertainties of predictions from parton distribution
	functions. 2. The Hessian method}",
	journal        = "Phys. Rev.",
	volume         = "D65",
	year           = "2001",
	pages          = "014013",
	doi            = "10.1103/PhysRevD.65.014013",
	eprint         = "hep-ph/0101032",
	archivePrefix  = "arXiv",
	primaryClass   = "hep-ph",
	reportNumber   = "MSU-HEP-07101, CERN-TH-2000-360",
	SLACcitation   = "%%CITATION = HEP-PH/0101032;%%"
}
@misc{MSTW,
	author = {MSTW},
	title__= {Martin-Stirling-Thorne-Watt Parton Distribution Functions},
	year___= "2017",
	month__= "Oct",
	howpublished = {\url{https://mstwpdf.hepforge.org}}
}
@article{Collins:1989gx,
	author         = "Collins, John C. and Soper, Davison E. and Sterman,
	George F.",
	title          = "{Factorization of Hard Processes in QCD}",
	journal        = "Adv. Ser. Direct. High Energy Phys.",
	volume         = "5",
	year           = "1989",
	pages          = "1-91",
	doi            = "10.1142/9789814503266_0001",
	eprint         = "hep-ph/0409313",
	archivePrefix  = "arXiv",
	primaryClass   = "hep-ph",
	reportNumber   = "ITP-SB-89-31",
	SLACcitation   = "%%CITATION = HEP-PH/0409313;%%"
}
@article{Brun:1997pa,
	author         = "Brun, R. and Rademakers, F.",
	title          = "{ROOT: An object oriented data analysis framework}",
	booktitle      = "{New computing techniques in physics research V.
	Proceedings, 5th International Workshop, AIHENP '96,
	Lausanne, Switzerland, September 2-6, 1996}",
	journal        = "Nucl. Instrum. Meth.",
	volume         = "A389",
	year           = "1997",
	pages          = "81-86",
	doi            = "10.1016/S0168-9002(97)00048-X",
	SLACcitation   = "%%CITATION = NUIMA,A389,81;%%"
}
@ARTICLE{2014arXiv1403.1452M,
	author = {{Mayr}, A. and {Binder}, H. and {Gefeller}, O. and {Schmid}, M.
	},
	title = "{The Evolution of Boosting Algorithms - From Machine Learning to Statistical Modelling}",
	journal = {ArXiv e-prints},
	archivePrefix = "arXiv",
	eprint = {1403.1452},
	primaryClass = "stat.ME",
	keywords = {Statistics - Methodology},
	year = 2014,
	month = mar,
	adsurl = {http://adsabs.harvard.edu/abs/2014arXiv1403.1452M},
	adsnote = {Provided by the SAO/NASA Astrophysics Data System}
}
	@article{Artoisenet:2012st,
      author         = "Artoisenet, Pierre and Frederix, Rikkert and Mattelaer,
                        Olivier and Rietkerk, Robbert",
      title          = "{Automatic spin-entangled decays of heavy resonances in
                        Monte Carlo simulations}",
      journal        = "JHEP",
      volume         = "03",
      year           = "2013",
      pages          = "015",
      doi            = "10.1007/JHEP03(2013)015",
      eprint         = "1212.3460",
      archivePrefix  = "arXiv",
      primaryClass   = "hep-ph",
      reportNumber   = "NIKHEF-2012-021, CERN-PH-TH-2012-329",
      SLACcitation   = "%%CITATION = ARXIV:1212.3460;%%"
}
@ARTICLE{2007physics3039H,
   author = {{Hoecker}, A. and {Speckmayer}, P. and {Stelzer}, J. and {Therhaag}, J. and 
	{von Toerne}, E. and {Voss}, H. and {Backes}, M. and {Carli}, T. and 
	{Cohen}, O. and {Christov}, A. and {Dannheim}, D. and {Danielowski}, K. and 
	{Henrot-Versille}, S. and {Jachowski}, M. and {Kraszewski}, K. and 
	{Krasznahorkay}, Jr., A. and {Kruk}, M. and {Mahalalel}, Y. and 
	{Ospanov}, R. and {Prudent}, X. and {Robert}, A. and {Schouten}, D. and 
	{Tegenfeldt}, F. and {Voigt}, A. and {Voss}, K. and {Wolter}, M. and 
	{Zemla}, A.},
    title = "{TMVA - Toolkit for Multivariate Data Analysis}",
  journal = {ArXiv Physics e-prints},
   eprint = {physics/0703039},
 keywords = {Physics - Data Analysis, Statistics and Probability},
     year = 2007,
    month = mar,
   adsurl = {http://adsabs.harvard.edu/abs/2007physics...3039H},
  adsnote = {Provided by the SAO/NASA Astrophysics Data System}
}	
	@article{1742-6596-664-7-072022,
		author={M Hildreth and V N Ivanchenko and D J Lange and M J Kortelainen},
		title={CMS Full Simulation for Run-2},
		journal={Journal of Physics: Conference Series},
		volume={664},
		number={7},
		pages={072022},
		url={http://stacks.iop.org/1742-6596/664/i=7/a=072022},
		year={2015},
		abstract={During LHC shutdown between run-1 and run-2 intensive developments were carried out to improve performance of CMS simulation. For physics improvements migration from Geant4 9.4p03 to Geant4 10.0p02 has been performed. CPU performance has been improved by introduction of the Russian roulette method inside CMS calorimeters, optimization of CMS simulation sub-libraries, and usage of statics build of the simulation executable. As a result of these efforts, CMS simulation has been speeded up by about factor two. In this work we provide description of updates for different software components of CMS simulation. Development of a multi-threaded (MT) simulation approach for CMS will be also discuss.}
	}

@inproceedings{Seymour:2013ega,
	author         = "Seymour, Michael H. and Marx, Marilyn",
	title          = "{Monte Carlo Event Generators}",
	booktitle      = "{Proceedings, 69th Scottish Universities Summer School in
	Physics : LHC Phenomenology (SUSSP69): St.Andrews,
	Scotland, August 19-September 1, 2012}",
	url            = "https://inspirehep.net/record/1229804/files/arXiv:1304.6677.pdf",
	year           = "2013",
	pages          = "287-319",
	doi            = "10.1007/978-3-319-05362-2_8",
	eprint         = "1304.6677",
	archivePrefix  = "arXiv",
	primaryClass   = "hep-ph",
	reportNumber   = "MCNET-13-05",
	SLACcitation   = "%%CITATION = ARXIV:1304.6677;%%"
}
@inproceedings{Sjostrand:2009ad,
	author         = "Sj\"ostrand, Torbjorn",
	title          = "{Monte Carlo Tools}",
	booktitle      = "{Proceedings, 65th Scottish Universities Summer School in
	Physics: LHC Physics (SUSSP65): St. Andrews, UK, August
	16-29, 2009}",
	url            = "https://inspirehep.net/record/838269/files/arXiv:0911.5286.pdf",
	year           = "2009",
	pages          = "309-339",
	doi            = "10.1201/b11865-14",
	eprint         = "0911.5286",
	archivePrefix  = "arXiv",
	primaryClass   = "hep-ph",
	reportNumber   = "LU-TP-09-31, MCNET-09-17",
	SLACcitation   = "%%CITATION = ARXIV:0911.5286;%%"
}
@inproceedings{Hoche:2014rga,
	author         = "H\"oche, Stefan",
	title          = "{Introduction to parton-shower event generators}",
	booktitle      = "{Proceedings, Theoretical Advanced Study Institute in
	Elementary Particle Physics: Journeys Through the
	Precision Frontier: Amplitudes for Colliders (TASI 2014):
	Boulder, Colorado, June 2-27, 2014}",
	year           = "2015",
	url            = "https://inspirehep.net/record/1328513/files/arXiv:1411.4085.pdf",
	pages          = "235-295",
	doi            = "10.1142/9789814678766_0005",
	eprint         = "1411.4085",
	archivePrefix  = "arXiv",
	primaryClass   = "hep-ph",
	reportNumber   = "SLAC-PUB-16160",
	SLACcitation   = "%%CITATION = ARXIV:1411.4085;%%"
}
@inproceedings{Placakyte:2011az,
	author         = "Placakyte, Ringaile",
	title          = "{Parton Distribution Functions}",
	booktitle      = "{Proceedings, 31st International Conference on Physics in
	collisions (PIC 2011): Vancouver, Canada, August
	28-September 1, 2011}",
	url            = "https://inspirehep.net/record/954990/files/arXiv:1111.5452.pdf",
	year           = "2011",
	eprint         = "1111.5452",
	archivePrefix  = "arXiv",
	primaryClass   = "hep-ph",
	SLACcitation   = "%%CITATION = ARXIV:1111.5452;%%"
}
@article{Anderson:2013afp,
      author         = "Anderson, Ian and others",
      title          = "{Constraining anomalous HVV interactions at proton and
                        lepton colliders}",
      booktitle      = "{Proceedings, 2013 Community Summer Study on the Future
                        of U.S. Particle Physics: Snowmass on the Mississippi
                        (CSS2013): Minneapolis, MN, USA, July 29-August 6, 2013}",
      journal        = "Phys. Rev.",
      volume         = "D89",
      year           = "2014",
      number         = "3",
      pages          = "035007",
      doi            = "10.1103/PhysRevD.89.035007",
      eprint         = "1309.4819",
      archivePrefix  = "arXiv",
      primaryClass   = "hep-ph",
      reportNumber   = "FERMILAB-PUB-13-386-PPD",
      SLACcitation   = "%%CITATION = ARXIV:1309.4819;%%"
}
@article{Bolognesi:2012mm,
      author         = "Bolognesi, Sara and Gao, Yanyan and Gritsan, Andrei V.
                        and Melnikov, Kirill and Schulze, Markus and Tran, Nhan V.
                        and Whitbeck, Andrew",
      title          = "{On the spin and parity of a single-produced resonance at
                        the LHC}",
      journal        = "Phys. Rev.",
      volume         = "D86",
      year           = "2012",
      pages          = "095031",
      doi            = "10.1103/PhysRevD.86.095031",
      eprint         = "1208.4018",
      archivePrefix  = "arXiv",
      primaryClass   = "hep-ph",
      reportNumber   = "ANL-HEP-PR-12-62, FERMILAB-PUB-12-475-PPD",
      SLACcitation   = "%%CITATION = ARXIV:1208.4018;%%"
}
@article{1126-6708-2009-09-111,
  author={Simone Alioli and Paolo Nason and Carlo Oleari and Emanuele Re},
  title={NLO single-top production matched with shower in POWHEG: s - and t -channel contributions},
  journal={Journal of High Energy Physics},
  volume={2009},
  number={09},
  pages={111},
  url={http://stacks.iop.org/1126-6708/2009/i=09/a=111},
  year={2009},
  abstract={We present a next-to-leading order calculation of single-top production interfaced to Shower Monte Carlo programs, implemented according to the POWHEG method. A detailed comparison with MCatNLO and PYTHIA is carried out for several observables, for the Tevatron and LHC colliders.}
}
@Article{Ball2015,
author="Ball, Richard D.
and Bertone, Valerio
and Carrazza, Stefano
and Deans, Christopher S.
and Del Debbio, Luigi
and Forte, Stefano
and Guffanti, Alberto
and Hartland, Nathan P.
and Latorre, Jos{\'e} I.
and Rojo, Juan
and Ubiali, Maria",
title="Parton distributions for the LHC run II",
journal="Journal of High Energy Physics",
year="2015",
volume="2015",
number="4",
pages="40",
abstract="We present NNPDF3.0, the first set of parton distribution functions (PDFs) determined with a methodology validated by a closure test. NNPDF3.0 uses a global dataset including HERA-II deep-inelastic inclusive cross-sections, the combined HERA charm data, jet production from ATLAS and CMS, vector boson rapidity and transverse momentum distributions from ATLAS, CMS and LHCb, W +c data from CMS and top quark pair production total cross sections from ATLAS and CMS. Results are based on LO, NLO and NNLO QCD theory and also include electroweak corrections. To validate our methodology, we show that PDFs determined from pseudo-data generated from a known underlying law correctly reproduce the statistical distributions expected on the basis of the assumed experimental uncertainties. This closure test ensures that our methodological uncertainties are negligible in comparison to the generic theoretical and experimental uncertainties of PDF determination. This enables us to determine with confidence PDFs at different perturbative orders and using a variety of experimental datasets ranging from HERA-only up to a global set including the latest LHC results, all using precisely the same validated methodology. We explore some of the phenomenological implications of our results for the upcoming 13 TeV Run of the LHC, in particular for Higgs production cross-sections.                                                                                      ",
issn="1029-8479",
doi="10.1007/JHEP04(2015)040",
url="http://dx.doi.org/10.1007/JHEP04(2015)040"
}
@article{AGOSTINELLI2003250,
title = "Geant4-a simulation toolkit",
journal = "Nuclear Instruments and Methods in Physics Research Section A: Accelerators, Spectrometers, Detectors and Associated Equipment",
volume = "506",
number = "3",
pages = "250 - 303",
year = "2003",
issn = "0168-9002",
doi = "https://doi.org/10.1016/S0168-9002(03)01368-8",
url = "http://www.sciencedirect.com/science/article/pii/S0168900203013688",
author = "S. Agostinelli and J. Allison and K. Amako and J. Apostolakis and H. Araujo and P. Arce and M. Asai and D. Axen and S. Banerjee and G. Barrand and F. Behner and L. Bellagamba and J. Boudreau and L. Broglia and A. Brunengo and H. Burkhardt and S. Chauvie and J. Chuma and R. Chytracek and G. Cooperman and G. Cosmo and P. Degtyarenko and A. Dell'Acqua and G. Depaola and D. Dietrich and R. Enami and A. Feliciello and C. Ferguson and H. Fesefeldt and G. Folger and F. Foppiano and A. Forti and S. Garelli and S. Giani and R. Giannitrapani and D. Gibin and J.J. Gomez Cadenas and I. Gonzalez and G. Gracia Abril and G. Greeniaus and W. Greiner and V. Grichine and A. Grossheim and S. Guatelli and P. Gumplinger and R. Hamatsu and K. Hashimoto and H. Hasui and A. Heikkinen and A. Howard and V. Ivanchenko and A. Johnson and F.W. Jones and J. Kallenbach and N. Kanaya and M. Kawabata and Y. Kawabata and M. Kawaguti and S. Kelner and P. Kent and A. Kimura and T. Kodama and R. Kokoulin and M. Kossov and H. Kurashige and E. Lamanna and T. Lampen and V. Lara and V. Lefebure and F. Lei and M. Liendl and W. Lockman and F. Longo and S. Magni and M. Maire and E. Medernach and K. Minamimoto and P. Mora de Freitas and Y. Morita and K. Murakami and M. Nagamatu and R. Nartallo and P. Nieminen and T. Nishimura and K. Ohtsubo and M. Okamura and S. O'Neale and Y. Oohata and K. Paech and J. Perl and A. Pfeiffer and M.G. Pia and F. Ranjard and A. Rybin and S. Sadilov and E. Di Salvo and G. Santin and T. Sasaki and N. Savvas and Y. Sawada and S. Scherer and S. Sei and V. Sirotenko and D. Smith and N. Starkov and H. Stoecker and J. Sulkimo and M. Takahata and S. Tanaka and E. Tcherniaev and E. Safai Tehrani and M. Tropeano and P. Truscott and H. Uno and L. Urban and P. Urban and M. Verderi and A. Walkden and W. Wander and H. Weber and J.P. Wellisch and T. Wenaus and D.C. Williams and D. Wright and T. Yamada and H. Yoshida and D. Zschiesche",
keywords = "Simulation",
keywords = "Particle interactions",
keywords = "Geometrical modelling",
keywords = "Software engineering",
keywords = "Object-oriented technology",
keywords = "Distributed software development"
}

@article{Re:2010bp,
      author         = "Re, Emanuele",
      title          = "{Single-top Wt-channel production matched with parton
                        showers using the POWHEG method}",
      journal        = "Eur. Phys. J.",
      volume         = "C71",
      year           = "2011",
      pages          = "1547",
      doi            = "10.1140/epjc/s10052-011-1547-z",
      eprint         = "1009.2450",
      archivePrefix  = "arXiv",
      primaryClass   = "hep-ph",
      reportNumber   = "IPPP-10-74, DCPT-10-148",
      SLACcitation   = "%%CITATION = ARXIV:1009.2450;%%"
}

@article{Alioli:2009je,
      author         = "Alioli, Simone and Nason, Paolo and Oleari, Carlo and Re,
                        Emanuele",
      title          = "{NLO single-top production matched with shower in POWHEG:
                        s- and t-channel contributions}",
      journal        = "JHEP",
      volume         = "09",
      year           = "2009",
      pages          = "111",
      doi            = "10.1007/JHEP02(2010)011, 10.1088/1126-6708/2009/09/111",
      note           = "[Erratum: JHEP02,011(2010)]",
      eprint         = "0907.4076",
      archivePrefix  = "arXiv",
      primaryClass   = "hep-ph",
      SLACcitation   = "%%CITATION = ARXIV:0907.4076;%%"
}
@article{Chatrchyan:2012ufa,
      author         = "Chatrchyan, Serguei and others",
      title          = "{Observation of a new boson at a mass of 125 GeV with the
                        CMS experiment at the LHC}",
      collaboration  = "CMS",
      journal        = "Phys.Lett.",
      volume         = "B716",
      pages          = "30-61",
      doi            = "10.1016/j.physletb.2012.08.021",
      year           = "2012",
      eprint         = "1207.7235",
      archivePrefix  = "arXiv",
      primaryClass   = "hep-ex",
      reportNumber   = "CMS-HIG-12-028, CERN-PH-EP-2012-220",
      SLACcitation   = "%%CITATION = ARXIV:1207.7235;%%",
}
@article{Buchmuller:1985jz,
      author         = "Buchmuller, W. and Wyler, D.",
      title          = "{Effective Lagrangian Analysis of New Interactions and
                        Flavor Conservation}",
      journal        = "Nucl.Phys.",
      volume         = "B268",
      pages          = "621-653",
      doi            = "10.1016/0550-3213(86)90262-2",
      year           = "1986",
      reportNumber   = "CERN-TH-4254/85",
      SLACcitation   = "%%CITATION = NUPHA,B268,621;%%",
}
@article{Leung:1984ni,
      author         = "Leung, Chung Ngoc and Love, S.T. and Rao, S.",
      title          = "{Low-Energy Manifestations of a New Interaction Scale:
                        Operator Analysis}",
      journal        = "Z.Phys.",
      volume         = "C31",
      pages          = "433",
      doi            = "10.1007/BF01588041",
      year           = "1986",
      reportNumber   = "FERMILAB-PUB-84-074-T",
      SLACcitation   = "%%CITATION = ZEPYA,C31,433;%%",
}
@article{Burges:1983zg,
      author         = "Burges, C.J.C. and Schnitzer, Howard J.",
      title          = "{Virtual Effects of Excited Quarks as Probes of a
                        Possible New Hadronic Mass Scale}",
      journal        = "Nucl.Phys.",
      volume         = "B228",
      pages          = "464",
      doi            = "10.1016/0550-3213(83)90555-2",
      year           = "1983",
      reportNumber   = "Print-83-0346 (BRANDEIS)",
      SLACcitation   = "%%CITATION = NUPHA,B228,464;%%",
}
@article{Aad:2012gd,
      author         = "Aad, Georges and others",
      title          = "{Search for FCNC single top-quark production at
                        $\sqrt{s}=7$ TeV with the ATLAS detector}",
      collaboration  = "ATLAS",
      journal        = "Phys.Lett.",
      volume         = "B712",
      pages          = "351-369",
      doi            = "10.1016/j.physletb.2012.05.022",
      year           = "2012",
      eprint         = "1203.0529",
      archivePrefix  = "arXiv",
      primaryClass   = "hep-ex",
      reportNumber   = "CERN-PH-EP-2012-032",
      SLACcitation   = "%%CITATION = ARXIV:1203.0529;%%",
}
@article{Aad:2012ij,
      author         = "Aad, Georges and others",
      title          = "{A search for flavour changing neutral currents in
                        top-quark decays in $pp$ collision data collected with the
                        ATLAS detector at $\sqrt{s}=7$ TeV}",
      collaboration  = "ATLAS",
      journal        = "JHEP",
      volume         = "1209",
      pages          = "139",
      doi            = "10.1007/JHEP09(2012)139",
      year           = "2012",
      eprint         = "1206.0257",
      archivePrefix  = "arXiv",
      primaryClass   = "hep-ex",
      reportNumber   = "CERN-PH-EP-2012-139, SLAC-PUB-16110",
      SLACcitation   = "%%CITATION = ARXIV:1206.0257;%%",
}
@article{TheATLAScollaboration:2013vha,
      collaboration  = "ATLAS",
      title          = "{Search for single top-quark production via FCNC in
                        strong interaction in $\sqrt{s}=8\,\,\mathrm{TeV}$ ATLAS
                        data}",
      year           = "2013",
      report   = "ATLAS-CONF-2013-063, ATLAS-COM-CONF-2013-064",
      SLACcitation   = "%%CITATION = ATLAS-CONF-2013-063 ETC.;%%",
}

@article{Giudice:2007fh,
      author         = "Giudice, G.F. and Grojean, C. and Pomarol, A. and
                        Rattazzi, R.",
      title          = "{The Strongly-Interacting Light Higgs}",
      journal        = "JHEP",
      volume         = "0706",
      pages          = "045",
      doi            = "10.1088/1126-6708/2007/06/045",
      year           = "2007",
      eprint         = "hep-ph/0703164",
      archivePrefix  = "arXiv",
      primaryClass   = "hep-ph",
      reportNumber   = "CERN-PH-TH-2007-47",
      SLACcitation   = "%%CITATION = HEP-PH/0703164;%%",
}

@article{Chatrchyan:2012hqa,
      author         = "Chatrchyan, Serguei and others",
      title          = "{Search for flavor changing neutral currents in top quark
                        decays in pp collisions at 7 TeV}",
      collaboration  = "CMS",
      journal        = "Phys.Lett.",
      volume         = "B718",
      pages          = "1252-1272",
      doi            = "10.1016/j.physletb.2012.12.045",
      year           = "2013",
      eprint         = "1208.0957",
      archivePrefix  = "arXiv",
      primaryClass   = "hep-ex",
      reportNumber   = "CMS-TOP-11-028, CERN-PH-EP-2012-206",
      SLACcitation   = "%%CITATION = ARXIV:1208.0957;%%",
}

@article{CMS:2014ffa,
      title          = "{Search for anomalous Wtb couplings and top FCNC in
                        t-channel single-top-quark events}",
      collaboration  = "CMS",
      year           = "2014",
      report   = "CMS-PAS-TOP-14-007",
      SLACcitation   = "%%CITATION = CMS-PAS-TOP-14-007 ETC.;%%",
}

@article{CMS:2014hwa,
      title          = "{Search for anomalous single top quark production
                        in
association with a photon}",
      collaboration  = "CMS",
      year           = "2014",
      report   = "CMS-PAS-TOP-14-003",
      SLACcitation   = "%%CITATION = CMS-PAS-TOP-14-003 ETC.;%%",
}
@article{CMS:2013zca,
      title          = "{Search for flavor changing neutral currents in top quark
                        decays
in pp collisions at 8 TeV}",
      collaboration  = "CMS",
      year           = "2013",
      report   = "CMS-PAS-TOP-12-037",
      SLACcitation   = "%%CITATION = CMS-PAS-TOP-12-037 ETC.;%%",
}
@article{CMS:2013nea,
      title          = "{Search for Flavour Changing Neutral Currents in single
                        top events}",
      collaboration  = "CMS",
      year           = "2013",
      report   = "CMS-PAS-TOP-12-021",
      SLACcitation   = "%%CITATION = CMS-PAS-TOP-12-021 ETC.;%%",
}
@article{CMS:2015qta,
      title          = "{Search for top quark decays via Higgs-boson-mediated
                        flavor changing
neutral currents in pp collisions
                        at~$\sqrt{s}$~=~8~TeV}",
      collaboration  = "CMS",
      year           = "2015",
      report   = "CMS-PAS-TOP-13-017",
      SLACcitation   = "%%CITATION = CMS-PAS-TOP-13-017 ETC.;%%",
}

@article{CMS:2014qxa,
      title          = "{Combined multilepton and diphoton limit on t to cH}",
      collaboration  = "CMS",
      year           = "2014",
      report   = "CMS-PAS-HIG-13-034",
      SLACcitation   = "%%CITATION = CMS-PAS-HIG-13-034 ETC.;%%",
}

@article{Aad:2014dya,
      author         = "Aad, Georges and others",
      title          = "{Search for top quark decays $t \to qH$ with $H \to
                        \gamma\gamma$ using the ATLAS detector}",
      collaboration  = "ATLAS",
      journal        = "JHEP",
      volume         = "1406",
      pages          = "008",
      doi            = "10.1007/JHEP06(2014)008",
      year           = "2014",
      eprint         = "1403.6293",
      archivePrefix  = "arXiv",
      primaryClass   = "hep-ex",
      reportNumber   = "CERN-PH-EP-2014-036",
      SLACcitation   = "%%CITATION = ARXIV:1403.6293;%%",
}

@article{AguilarSaavedra:2002ns,
      author         = "Aguilar-Saavedra, J.A. and Nobre, B.M.",
      title          = "{Rare top decays t ---> c gamma, t ---> cg and CKM
                        unitarity}",
      journal        = "Phys.Lett.",
      volume         = "B553",
      pages          = "251-260",
      doi            = "10.1016/S0370-2693(02)03230-6",
      year           = "2003",
      eprint         = "hep-ph/0210360",
      archivePrefix  = "arXiv",
      primaryClass   = "hep-ph",
      reportNumber   = "FISIST-17-2002-CFIF",
      SLACcitation   = "%%CITATION = HEP-PH/0210360;%%",
}

@article{Mele:1998ag,
      author         = "Mele, B. and Petrarca, S. and Soddu, A.",
      title          = "{A New evaluation of the t ---> cH decay width in the
                        standard model}",
      journal        = "Phys.Lett.",
      volume         = "B435",
      pages          = "401-406",
      doi            = "10.1016/S0370-2693(98)00822-3",
      year           = "1998",
      eprint         = "hep-ph/9805498",
      archivePrefix  = "arXiv",
      primaryClass   = "hep-ph",
      reportNumber   = "ROME1-1207-98",
      SLACcitation   = "%%CITATION = HEP-PH/9805498;%%",
}

@article{Eilam:1990zc,
      author         = "Eilam, G. and Hewett, J.L. and Soni, A.",
      title          = "{Rare decays of the top quark in the standard and two
                        Higgs doublet models}",
      journal        = "Phys.Rev.",
      volume         = "D44",
      pages          = "1473-1484",
      doi            = "10.1103/PhysRevD.44.1473, 10.1103/PhysRevD.59.039901",
      year           = "1991",
      reportNumber   = "MAD-PH-596, TECHNION-PH-90-32, BNL-45778",
      SLACcitation   = "%%CITATION = PHRVA,D44,1473;%%",
}



@article{Degrande:2011ua,
      author         = "Degrande, Celine and Duhr, Claude and Fuks, Benjamin and
                        Grellscheid, David and Mattelaer, Olivier and Reiter,
                        Thomas",
      title          = "{UFO - The Universal FeynRules Output}",
      journal        = "Comput. Phys. Commun.",
      volume         = "183",
      year           = "2012",
      pages          = "1201-1214",
      doi            = "10.1016/j.cpc.2012.01.022",
      eprint         = "1108.2040",
      archivePrefix  = "arXiv",
      primaryClass   = "hep-ph",
      reportNumber   = "CP3-11-25, IPHC-PHENO-11-04, IPPP-11-39, DCPT-11-78,
                        MPP-2011-68",
      SLACcitation   = "%%CITATION = ARXIV:1108.2040;%%"
}

@article{Christensen:2009jx,
      author         = "Christensen, Neil D. and de Aquino, Priscila and
                        Degrande, Celine and Duhr, Claude and Fuks, Benjamin and
                        Herquet, Michel and Maltoni, Fabio and Schumann, Steffen",
      title          = "{A Comprehensive approach to new physics simulations}",
      journal        = "Eur. Phys. J.",
      volume         = "C71",
      year           = "2011",
      pages          = "1541",
      doi            = "10.1140/epjc/s10052-011-1541-5",
      eprint         = "0906.2474",
      archivePrefix  = "arXiv",
      primaryClass   = "hep-ph",
      reportNumber   = "CP3-09-24, HD-THEP-09-11, IPHC-PHENO-09-01,
                        MSUHEP-090612, NIKHEF-2009-009",
      SLACcitation   = "%%CITATION = ARXIV:0906.2474;%%"
}

@article{Sjostrand:2006za,
      author         = "Sjostrand, Torbjorn and Mrenna, Stephen and Skands, Peter
                        Z.",
      title          = "{PYTHIA 6.4 Physics and Manual}",
      journal        = "JHEP",
      volume         = "0605",
      pages          = "026",
      doi            = "10.1088/1126-6708/2006/05/026",
      year           = "2006",
      eprint         = "hep-ph/0603175",
      archivePrefix  = "arXiv",
      primaryClass   = "hep-ph",
      reportNumber   = "FERMILAB-PUB-06-052-CD-T, LU-TP-06-13",
      SLACcitation   = "%%CITATION = HEP-PH/0603175;%%",
}

@article{AguilarSaavedra:2008gt,
      author         = "Aguilar-Saavedra, J. A.",
      title          = "{Single top quark production at LHC with anomalous Wtb
                        couplings}",
      journal        = "Nucl. Phys.",
      volume         = "B804",
      year           = "2008",
      pages          = "160-192",
      doi            = "10.1016/j.nuclphysb.2008.06.013",
      eprint         = "0803.3810",
      archivePrefix  = "arXiv",
      primaryClass   = "hep-ph",
      SLACcitation   = "%%CITATION = ARXIV:0803.3810;%%"
}

@article{AguilarSaavedra:2010rx,
      author         = "Aguilar-Saavedra, J. A.",
      title          = "{Zt, gamma t and t production at hadron colliders via
                        strong flavour-changing neutral couplings}",
      journal        = "Nucl. Phys.",
      volume         = "B837",
      year           = "2010",
      pages          = "122-136",
      doi            = "10.1016/j.nuclphysb.2010.05.005",
      eprint         = "1003.3173",
      archivePrefix  = "arXiv",
      primaryClass   = "hep-ph",
      SLACcitation   = "%%CITATION = ARXIV:1003.3173;%%"
}


@article{Yang:2014hya,
      author         = "Yang, Li Lin and Li, Chong Sheng and Gao, Jun and Wang,
                        Jian",
      title          = "{NNLL momentum-space threshold resummation in direct top
                        quark production at the LHC}",
      journal        = "JHEP",
      volume         = "12",
      year           = "2014",
      pages          = "123",
      doi            = "10.1007/JHEP12(2014)123",
      eprint         = "1409.6959",
      archivePrefix  = "arXiv",
      primaryClass   = "hep-ph",
      reportNumber   = "MITP-14-068",
      SLACcitation   = "%%CITATION = ARXIV:1409.6959;%%"
}

@article{Zhang:2011gh,
      author         = "Zhang, Yue and Li, Bo Hua and Li, Chong Sheng and Gao,
                        Jun and Zhu, Hua Xing",
      title          = "{Next-to-leading order QCD corrections to the top quark
                        associated with $\gamma$ production via model-independent
                        flavor-changing neutral-current couplings at hadron
                        colliders}",
      journal        = "Phys. Rev.",
      volume         = "D83",
      year           = "2011",
      pages          = "094003",
      doi            = "10.1103/PhysRevD.83.094003",
      eprint         = "1101.5346",
      archivePrefix  = "arXiv",
      primaryClass   = "hep-ph",
      SLACcitation   = "%%CITATION = ARXIV:1101.5346;%%"
}

@article{Wang:2012gp,
      author         = "Wang, Yan and Huang, Fa Peng and Li, Chong Sheng and Li,
                        Bo Hua and Shao, Ding Yu and Wang, Jian",
      title          = "{Constraints on flavor-changing neutral-current $Htq$
                        couplings from the signal of $tH$ associated production
                        with QCD next-to-leading order accuracy at the LHC}",
      journal        = "Phys. Rev.",
      volume         = "D86",
      year           = "2012",
      pages          = "094014",
      doi            = "10.1103/PhysRevD.86.094014",
      eprint         = "1208.2902",
      archivePrefix  = "arXiv",
      primaryClass   = "hep-ph",
      SLACcitation   = "%%CITATION = ARXIV:1208.2902;%%"
}

@article{Pumplin:2002vw,
      author         = "Pumplin, J. and Stump, D. R. and Huston, J. and Lai, H.
                        L. and Nadolsky, Pavel M. and Tung, W. K.",
      title          = "{New generation of parton distributions with
                        uncertainties from global QCD analysis}",
      journal        = "JHEP",
      volume         = "07",
      year           = "2002",
      pages          = "012",
      doi            = "10.1088/1126-6708/2002/07/012",
      eprint         = "hep-ph/0201195",
      archivePrefix  = "arXiv",
      primaryClass   = "hep-ph",
      reportNumber   = "MSU-HEP-011101",
      SLACcitation   = "%%CITATION = HEP-PH/0201195;%%"
}

@article{Li:2011ek,
      author         = "Li, Bo Hua and Zhang, Yue and Li, Chong Sheng and Gao,
                        Jun and Zhu, Hua Xing",
      title          = "{Next-to-leading order QCD corrections to $tZ$ associated
                        production via the flavor-changing neutral-current
                        couplings at hadron colliders}",
      journal        = "Phys. Rev.",
      volume         = "D83",
      year           = "2011",
      pages          = "114049",
      doi            = "10.1103/PhysRevD.83.114049",
      eprint         = "1103.5122",
      archivePrefix  = "arXiv",
      primaryClass   = "hep-ph",
      SLACcitation   = "%%CITATION = ARXIV:1103.5122;%%"
}

@article{Alwall:2008qv,
      author         = "Alwall, Johan and de Visscher, Simon and Maltoni, Fabio",
      title          = "{QCD radiation in the production of heavy colored
                        particles at the LHC}",
      journal        = "JHEP",
      volume         = "02",
      year           = "2009",
      pages          = "017",
      doi            = "10.1088/1126-6708/2009/02/017",
      eprint         = "0810.5350",
      archivePrefix  = "arXiv",
      primaryClass   = "hep-ph",
      SLACcitation   = "%%CITATION = ARXIV:0810.5350;%%"
}
@article{Mangano:2006rw,
      author         = "Mangano, Michelangelo L. and Moretti, Mauro and
                        Piccinini, Fulvio and Treccani, Michele",
      title          = "{Matching matrix elements and shower evolution for
                        top-quark production in hadronic collisions}",
      journal        = "JHEP",
      volume         = "01",
      year           = "2007",
      pages          = "013",
      doi            = "10.1088/1126-6708/2007/01/013",
      eprint         = "hep-ph/0611129",
      archivePrefix  = "arXiv",
      primaryClass   = "hep-ph",
      reportNumber   = "CERN-PH-TH-2006-232, FNT-T-2006-09",
      SLACcitation   = "%%CITATION = HEP-PH/0611129;%%"
}

@article{deFavereau:2013fsa,
      author         = "de Favereau, J. and others",
      title          = "{DELPHES 3, A modular framework for fast simulation of a
                        generic collider experiment}",
      collaboration  = "DELPHES 3",
      journal        = "JHEP",
      volume         = "1402",
      pages          = "057",
      doi            = "10.1007/JHEP02(2014)057",
      year           = "2014",
      eprint         = "1307.6346",
      archivePrefix  = "arXiv",
      primaryClass   = "hep-ex",
      SLACcitation   = "%%CITATION = ARXIV:1307.6346;%%",
}



@article{Cacciari:2011ma,
      author         = "Cacciari, Matteo and Salam, Gavin P. and Soyez, Gregory",
      title          = "{FastJet User Manual}",
      journal        = "Eur. Phys. J.",
      volume         = "C72",
      year           = "2012",
      pages          = "1896",
      doi            = "10.1140/epjc/s10052-012-1896-2",
      eprint         = "1111.6097",
      archivePrefix  = "arXiv",
      primaryClass   = "hep-ph",
      reportNumber   = "CERN-PH-TH-2011-297",
      SLACcitation   = "%%CITATION = ARXIV:1111.6097;%%"
}
@article{Cacciari:2008gp,
      author         = "Cacciari, Matteo and Salam, Gavin P. and Soyez, Gregory",
      title          = "{The Anti-k(t) jet clustering algorithm}",
      journal        = "JHEP",
      volume         = "04",
      year           = "2008",
      pages          = "063",
      doi            = "10.1088/1126-6708/2008/04/063",
      eprint         = "0802.1189",
      archivePrefix  = "arXiv",
      primaryClass   = "hep-ph",
      reportNumber   = "LPTHE-07-03",
      SLACcitation   = "%%CITATION = ARXIV:0802.1189;%%"
}

@article{Hirschi:2011pa,
      author         = "Hirschi, Valentin and Frederix, Rikkert and Frixione,
                        Stefano and Garzelli, Maria Vittoria and Maltoni, Fabio
                        and others",
      title          = "{Automation of one-loop QCD corrections}",
      journal        = "JHEP",
      volume         = "1105",
      pages          = "044",
      doi            = "10.1007/JHEP05(2011)044",
      year           = "2011",
      reportNumber   = "CERN-PH-TH-2011-031, CP3-11-07, ZU-TH-01-11",
      SLACcitation   = "%%CITATION = ARXIV:1103.0621;%%",
}

@article{Chatrchyan:2012jua,
      author         = "Chatrchyan, Serguei and others",
      title          = "{Identification of b-quark jets with the CMS experiment}",
      collaboration  = "CMS",
      journal        = "JINST",
      volume         = "8",
      year           = "2013",
      pages          = "P04013",
      doi            = "10.1088/1748-0221/8/04/P04013",
      eprint         = "1211.4462",
      archivePrefix  = "arXiv",
      primaryClass   = "hep-ex",
      reportNumber   = "CMS-BTV-12-001, CERN-PH-EP-2012-262",
      SLACcitation   = "%%CITATION = ARXIV:1211.4462;%%"
}

@article{CMS:2013vea,
      title          = "{Performance of b tagging at sqrt(s)=8 TeV in multijet,
                        ttbar and boosted topology events}",
      collaboration  = "CMS",
      year           = "2013",
      report   = "CMS-PAS-BTV-13-001",
      SLACcitation   = "%%CITATION = CMS-PAS-BTV-13-001;%%"
}

@article{Khachatryan:2015hwa,
      author         = "Khachatryan, Vardan and others",
      title          = "{Performance of Electron Reconstruction and Selection
                        with the CMS Detector in Proton-Proton Collisions at
                        _s = 8  TeV}",
      collaboration  = "CMS",
      journal        = "JINST",
      volume         = "10",
      year           = "2015",
      number         = "06",
      pages          = "P06005",
      doi            = "10.1088/1748-0221/10/06/P06005",
      eprint         = "1502.02701",
      archivePrefix  = "arXiv",
      primaryClass   = "physics.ins-det",
      reportNumber   = "CMS-EGM-13-001, CERN-PH-EP-2015-004",
      SLACcitation   = "%%CITATION = ARXIV:1502.02701;%%"
}

@article{Dumont:2014tja,
      author         = "Dumont, B. and Fuks, B. and Kraml, S. and Bein, S. and
                        Chalons, G. and Conte, E. and Kulkarni, S. and Sengupta,
                        D. and Wymant, C.",
      title          = "{Toward a public analysis database for LHC new physics
                        searches using MADANALYSIS 5}",
      journal        = "Eur. Phys. J.",
      volume         = "C75",
      year           = "2015",
      number         = "2",
      pages          = "56",
      doi            = "10.1140/epjc/s10052-014-3242-3",
      eprint         = "1407.3278",
      archivePrefix  = "arXiv",
      primaryClass   = "hep-ph",
      reportNumber   = "CERN-PH-TH-2014-109, LAPTH-048-14, LPSC14143",
      SLACcitation   = "%%CITATION = ARXIV:1407.3278;%%"
}

@article{Conte:2014zja,
      author         = "Conte, Eric and Dumont, Beranger and Fuks, Benjamin and
                        Wymant, Chris",
      title          = "{Designing and recasting LHC analyses with MadAnalysis
                        5}",
      journal        = "Eur. Phys. J.",
      volume         = "C74",
      year           = "2014",
      number         = "10",
      pages          = "3103",
      doi            = "10.1140/epjc/s10052-014-3103-0",
      eprint         = "1405.3982",
      archivePrefix  = "arXiv",
      primaryClass   = "hep-ph",
      reportNumber   = "CERN-PH-TH-2014-088, LPSC-14-079, LAPTH-033-14,
                        MCNET-14-11",
      SLACcitation   = "%%CITATION = ARXIV:1405.3982;%%"
}

@article{Conte:2012fm,
      author         = "Conte, Eric and Fuks, Benjamin and Serret, Guillaume",
      title          = "{MadAnalysis 5, A User-Friendly Framework for Collider
                        Phenomenology}",
      journal        = "Comput. Phys. Commun.",
      volume         = "184",
      year           = "2013",
      pages          = "222-256",
      doi            = "10.1016/j.cpc.2012.09.009",
      eprint         = "1206.1599",
      archivePrefix  = "arXiv",
      primaryClass   = "hep-ph",
      reportNumber   = "IPHC-PHENO-06",
      SLACcitation   = "%%CITATION = ARXIV:1206.1599;%%"
}


@article{Alloul:2013bka,
      author         = "Alloul, Adam and Christensen, Neil D. and Degrande,
                        C\'eline and Duhr, Claude and Fuks, Benjamin",
      title          = "{FeynRules  2.0 - A complete toolbox for tree-level
                        phenomenology}",
      journal        = "Comput. Phys. Commun.",
      volume         = "185",
      year           = "2014",
      pages          = "2250-2300",
      doi            = "10.1016/j.cpc.2014.04.012",
      eprint         = "1310.1921",
      archivePrefix  = "arXiv",
      primaryClass   = "hep-ph",
      reportNumber   = "CERN-PH-TH-2013-239, MCNET-13-14, IPPP-13-71,
                        DCPT-13-142, --PITT-PACC-1308",
      SLACcitation   = "%%CITATION = ARXIV:1310.1921;%%"
}
@Article{Khachatryan2016,
author="Khachatryan, V. and {etal}",
title="Event generator tunes obtained from underlying event and multiparton scattering measurements",
journal="The European Physical Journal C",
year="2016",
month="Mar",
day="17",
volume="76",
number="3",
pages="155",
issn="1434-6052",
doi="10.1140/epjc/s10052-016-3988-x",
url="https://doi.org/10.1140/epjc/s10052-016-3988-x"
}

@article{Melia:2011tj,
      author         = "Melia, Tom and Nason, Paolo and Rontsch, Raoul and
                        Zanderighi, Giulia",
      title          = "{W+W-, WZ and ZZ production in the POWHEG BOX}",
      journal        = "JHEP",
      volume         = "11",
      year           = "2011",
      pages          = "078",
      doi            = "10.1007/JHEP11(2011)078",
      eprint         = "1107.5051",
      archivePrefix  = "arXiv",
      primaryClass   = "hep-ph",
      SLACcitation   = "%%CITATION = ARXIV:1107.5051;%%"
}
@article{Hartanto:2015uka,
      author         = "Hartanto, Heribertus B. and Jager, Barbara and Reina,
                        Laura and Wackeroth, Doreen",
      title          = "{Higgs boson production in association with top quarks in
                        the POWHEG BOX}",
      journal        = "Phys. Rev.",
      volume         = "D91",
      year           = "2015",
      number         = "9",
      pages          = "094003",
      doi            = "10.1103/PhysRevD.91.094003",
      eprint         = "1501.04498",
      archivePrefix  = "arXiv",
      primaryClass   = "hep-ph",
      SLACcitation   = "%%CITATION = ARXIV:1501.04498;%%"
}
@article{Sjostrand:2014zea,
      author         = "Sjostrand, Torbjorn and Ask, Stefan and Christiansen,
                        Jesper R. and Corke, Richard and Desai, Nishita and Ilten,
                        Philip and Mrenna, Stephen and Prestel, Stefan and
                        Rasmussen, Christine O. and Skands, Peter Z.",
      title          = "{An Introduction to PYTHIA 8.2}",
      journal        = "Comput. Phys. Commun.",
      volume         = "191",
      year           = "2015",
      pages          = "159-177",
      doi            = "10.1016/j.cpc.2015.01.024",
      eprint         = "1410.3012",
      archivePrefix  = "arXiv",
      primaryClass   = "hep-ph",
      reportNumber   = "LU-TP-14-36, MCNET-14-22, CERN-PH-TH-2014-190,
                        FERMILAB-PUB-14-316-CD, DESY-14-178, SLAC-PUB-16122",
      SLACcitation   = "%%CITATION = ARXIV:1410.3012;%%"
}

@article{Nason:2004rx,
      author         = "Nason, Paolo",
      title          = "{A New method for combining NLO QCD with shower Monte
                        Carlo algorithms}",
      journal        = "JHEP",
      volume         = "11",
      year           = "2004",
      pages          = "040",
      doi            = "10.1088/1126-6708/2004/11/040",
      eprint         = "hep-ph/0409146",
      archivePrefix  = "arXiv",
      primaryClass   = "hep-ph",
      reportNumber   = "BICOCCA-FT-04-11",
      SLACcitation   = "%%CITATION = HEP-PH/0409146;%%"
}
@article{Frixione:2007vw,
      author         = "Frixione, Stefano and Nason, Paolo and Oleari, Carlo",
      title          = "{Matching NLO QCD computations with Parton Shower
                        simulations: the POWHEG method}",
      journal        = "JHEP",
      volume         = "11",
      year           = "2007",
      pages          = "070",
      doi            = "10.1088/1126-6708/2007/11/070",
      eprint         = "0709.2092",
      archivePrefix  = "arXiv",
      primaryClass   = "hep-ph",
      reportNumber   = "BICOCCA-FT-07-9, GEF-TH-21-2007",
      SLACcitation   = "%%CITATION = ARXIV:0709.2092;%%"
}
@article{Alioli:2010xd,
      author         = "Alioli, Simone and Nason, Paolo and Oleari, Carlo and Re,
                        Emanuele",
      title          = "{A general framework for implementing NLO calculations in
                        shower Monte Carlo programs: the POWHEG BOX}",
      journal        = "JHEP",
      volume         = "06",
      year           = "2010",
      pages          = "043",
      doi            = "10.1007/JHEP06(2010)043",
      eprint         = "1002.2581",
      archivePrefix  = "arXiv",
      primaryClass   = "hep-ph",
      reportNumber   = "DESY-10-018, SFB-CPP-10-22, IPPP-10-11, DCPT-10-22",
      SLACcitation   = "%%CITATION = ARXIV:1002.2581;%%"
}
@article{Frederix:2012ps,
      author         = "Frederix, Rikkert and Frixione, Stefano",
      title          = "{Merging meets matching in MC@NLO}",
      journal        = "JHEP",
      volume         = "12",
      year           = "2012",
      pages          = "061",
      doi            = "10.1007/JHEP12(2012)061",
      eprint         = "1209.6215",
      archivePrefix  = "arXiv",
      primaryClass   = "hep-ph",
      reportNumber   = "CERN-PH-TH-2012-247, ZU-TH-21-12",
      SLACcitation   = "%%CITATION = ARXIV:1209.6215;%%"
}

@article{Alwall:2014hca,
      author         = "Alwall, J. and Frederix, R. and Frixione, S. and Hirschi,
                        V. and Maltoni, F. and Mattelaer, O. and Shao, H. -S. and
                        Stelzer, T. and Torrielli, P. and Zaro, M.",
      title          = "{The automated computation of tree-level and
                        next-to-leading order differential cross sections, and
                        their matching to parton shower simulations}",
      journal        = "JHEP",
      volume         = "07",
      year           = "2014",
      pages          = "079",
      doi            = "10.1007/JHEP07(2014)079",
      eprint         = "1405.0301",
      archivePrefix  = "arXiv",
      primaryClass   = "hep-ph",
      reportNumber   = "CERN-PH-TH-2014-064, CP3-14-18, LPN14-066, MCNET-14-09,
                        ZU-TH-14-14",
      SLACcitation   = "%%CITATION = ARXIV:1405.0301;%%"
}

@article{Alwall:2007fs,
      author         = "Alwall, Johan and others",
      title          = "{Comparative study of various algorithms for the merging
                        of parton showers and matrix elements in hadronic
                        collisions}",
      journal        = "Eur. Phys. J.",
      volume         = "C53",
      year           = "2008",
      pages          = "473-500",
      doi            = "10.1140/epjc/s10052-007-0490-5",
      eprint         = "0706.2569",
      archivePrefix  = "arXiv",
      primaryClass   = "hep-ph",
      reportNumber   = "SLAC-PUB-12604, CERN-PH-TH-2007-066, LU-TP-07-13,
                        KA-TP-06-2007, DCPT-07-62, IPPP-07-31",
      SLACcitation   = "%%CITATION = ARXIV:0706.2569;%%"
}
@article{Sjostrand2015159,
title = "An introduction to \{PYTHIA\} 8.2 ",
journal = "Computer Physics Communications ",
volume = "191",
number = "",
pages = "159 - 177",
year = "2015",
note = "",
issn = "0010-4655",
doi = "http://dx.doi.org/10.1016/j.cpc.2015.01.024",
url = "http://www.sciencedirect.com/science/article/pii/S0010465515000442",
author = "Torbjorn Sjostrand and Stefan Ask and Jesper R. Christiansen and Richard Corke and Nishita Desai and Philip Ilten and Stephen Mrenna and Stefan Prestel and Christine O. Rasmussen and Peter Z. Skands",
keywords = "Event generators",
keywords = "Multiparticle production",
keywords = "Matrix elements",
keywords = "Parton showers",
keywords = "Matching and merging",
keywords = "Multiparton interactions",
keywords = "Hadronisation "
}
@article{Alwall:2011uj,
      author         = "Alwall, Johan and Herquet, Michel and Maltoni, Fabio and
                        Mattelaer, Olivier and Stelzer, Tim",
      title          = "{MadGraph 5 : Going Beyond}",
      journal        = "JHEP",
      volume         = "06",
      year           = "2011",
      pages          = "128",
      doi            = "10.1007/JHEP06(2011)128",
      eprint         = "1106.0522",
      archivePrefix  = "arXiv",
      primaryClass   = "hep-ph",
      reportNumber   = "FERMILAB-PUB-11-448-T",
      SLACcitation   = "%%CITATION = ARXIV:1106.0522;%%"
}
@article{Frixione:2002ik,
      author         = "Frixione, Stefano and Webber, Bryan R.",
      title          = "{Matching NLO QCD computations and parton shower
                        simulations}",
      journal        = "JHEP",
      volume         = "06",
      year           = "2002",
      pages          = "029",
      doi            = "10.1088/1126-6708/2002/06/029",
      eprint         = "hep-ph/0204244",
      archivePrefix  = "arXiv",
      primaryClass   = "hep-ph",
      reportNumber   = "CAVENDISH-HEP-02-01, LAPTH-905-02, GEF-TH-2-2002",
      SLACcitation   = "%%CITATION = HEP-PH/0204244;%%"
}

  	
@article{1126-6708-2007-11-070,
  author={Stefano Frixione and Paolo Nason and Carlo Oleari},
  title={Matching NLO QCD computations with parton shower simulations: the POWHEG method},
  journal={Journal of High Energy Physics},
  volume={2007},
  number={11},
  pages={070},
  url={http://stacks.iop.org/1126-6708/2007/i=11/a=070},
  year={2007},
  abstract={The aim of this work is to describe in detail the POWHEG method, first suggested by one of the authors, for interfacing parton-shower generators with NLO QCD computations. We describe the method in its full generality, and then specify its features in two subtraction frameworks for NLO calculations: the Catani-Seymour and the Frixione-Kunszt-Signer approach. Two examples are discussed in detail in both approaches: the production of hadrons in e + e _ collisions, and the Drell-Yan vector-boson production in hadronic collisions.}
}
@Article{Alioli2010,
author="Alioli, Simone
and Nason, Paolo
and Oleari, Carlo
and Re, Emanuele",
title="A general framework for implementing NLO calculations in shower Monte Carlo programs: the POWHEG BOX",
journal="Journal of High Energy Physics",
year="2010",
volume="2010",
number="6",
pages="43",
abstract="In this work we illustrate the POWHEG BOX, a general computer code framework for implementing NLO calculations in shower Monte Carlo programs according to the POWHEG method. Aim of this work is to provide an illustration of the needed theoretical ingredients, a view of how the code is organized and a description of what a user should provide in order to use it.",
issn="1029-8479",
doi="10.1007/JHEP06(2010)043",
url="http://dx.doi.org/10.1007/JHEP06(2010)043"
}
@article{Gao:2010qx,
      author         = "Gao, Yanyan and Gritsan, Andrei V. and Guo, Zijin and
                        Melnikov, Kirill and Schulze, Markus and Tran, Nhan V.",
      title          = "{Spin determination of single-produced resonances at
                        hadron colliders}",
      journal        = "Phys. Rev.",
      volume         = "D81",
      year           = "2010",
      pages          = "075022",
      doi            = "10.1103/PhysRevD.81.075022",
      eprint         = "1001.3396",
      archivePrefix  = "arXiv",
      primaryClass   = "hep-ph",
      reportNumber   = "FERMILAB-PUB-10-011-E",
      SLACcitation   = "%%CITATION = ARXIV:1001.3396;%%"
}
@book{Mandl:1236742,
	author        = "Mandl, Franz and Shaw, Graham G",
	title         = "{Quantum field theory; 2nd ed.}",
	publisher     = "Wiley",
	address       = "New York, NY",
	year          = "2010",
	url           = "https://cds.cern.ch/record/1236742",
}
@article{Gritsan:2016hjl,
      author         = "Gritsan, Andrei V. and R\"ontsch, Raoul and Schulze,
                        Markus and Xiao, Meng",
      title          = "{Constraining anomalous Higgs boson couplings to the
                        heavy flavor fermions using matrix element techniques}",
      journal        = "Phys. Rev.",
      volume         = "D94",
      year           = "2016",
      number         = "5",
      pages          = "055023",
      doi            = "10.1103/PhysRevD.94.055023",
      eprint         = "1606.03107",
      archivePrefix  = "arXiv",
      primaryClass   = "hep-ph",
      reportNumber   = "TTP16-020, CERN-TH-2016-135",
      SLACcitation   = "%%CITATION = ARXIV:1606.03107;%%"
}