@techreport{Pettersson:291782,
	author        = "Pettersson, Thomas Sven and Lefèvre, P",
	title         = "{The Large Hadron Collider: conceptual design}",
	collaboration = "LHC Study Group",
	number        = "CERN-AC-95-05-LHC",
	year          = "1995",
	url           = "https://cds.cern.ch/record/291782",
	pages 		  = {20},
}

@Article{LHC:2008,
author={Lyndon Evans and Philip Bryant},
title={LHC Machine},
journal={JINST},
volume={3},
number={08},
pages={S08001},
url={http://stacks.iop.org/1748-0221/3/i=08/a=S08001},
year={2008},
}
@techreport{Perrey:1644757,
      author        = "Perrey, Hanno Christopher",
      title         = "{Plans and Status of the Phase~I Upgrade of the CMS Pixel
                       Tracker}",
      institution   = "CERN",
      collaboration = "CMS COLLABORATION",
      number        = "CMS-CR-2014-005",
       year          = "2014",
      reportNumber  = "CMS-CR-2014-005",
      url           = "http://cds.cern.ch/record/1644757",
}
@misc{CMS:2012sda,
      author         = "Matzner Dominguez, David Aaron and Abbaneo, D. and Arndt,
                        K. and Bacchetta, N. and Ball, A. and Bartz, E. and Bertl,
                        W. and Bilei, G. M. and Bolla, G. and Cheung, H. W. K. and
                        others ",
      title          = "{CMS Technical Design Report for the Pixel Detector
                        Upgrade}",
      collaboration  = "CMS COLLABORATION",
      year           = "2012",
      reportNumber   = "CERN-LHCC-2012-016, CMS-TDR-011, FERMILAB-DESIGN-2012-02",
      SLACcitation   = "%%CITATION = CERN-LHCC-2012-016;%%"
}
@online{LumiWiki,
    author = {CMS COLLABORATION }, 
    title = {Public Luminosity results},
    year = {2017},
    url = {https://twiki.cern.ch/twiki/bin/view/CMSPublic/LumiPublicResults#Online_Luminosity_AN2}
}
@online{muon,
   author = {CMS collaboration},
	title = {News from the CMS experimental site: 22 November 2013.},
	url = {http://cms.web.cern.ch/news/news-point-5-22-november-2013},
}
@online{WLCG,
	author = {Worldwide LHC Computing Grid},
	title = {WorldWide LHC Computing Grid},
	url = {http://wlcg-public.web.cern.ch},
	year = {2017}
}
@online{solenoid,
	author = {Institute of Research into the Fundamental Laws the Universe},
	title = {The CMS detector superconducting solenoid},
	url = {http://irfu.cea.fr/en/Phocea/Vie_des_labos/Ast/ast_visu.php?id_ast=839},
	year = {2006}
}
@online{HCAL,
	author = {Fergus Wilson},
	title = {Experimental Particle Physics},
	url = {http://slideplayer.com/slide/794631/},
	year = {2012}
}
@online{ECAL,
	author = {Lucas Taylor},
	title = {Experimental Particle Physics},
	url = {http://cms.web.cern.ch/news/electromagnetic-calorimeter},
	year = {2011}
}
@article{Antonella:1975962,
	author        = "Antonella Del Rosso",
	title         = "{HL-LHC updates in Japan. Projet HL-LHC : une réunion
	fait le point au Japon}",
	number        = "BUL-NA-2014-272. 51/2014",
	pages         = "4",
	year          = "2014",
	reportNumber  = "BUL-NA-2014-272",
	url           = "https://cds.cern.ch/record/1975962",
}
@proceedings{EE,
	author         = "SLAC",
	title          = "{Proceedings, 34th International Conference on High
	Energy Physics }",
	year = {2008},
	url            = "http://www.slac.stanford.edu/econf/C080730",
	reportNumber   = "SLAC-eConf-C080730",
	SLACcitation   = "%%CITATION = SLAC-ECONF-C080730;%%"
}
@techreport{Baiatian:1049915,
	author        = "Baiatian, G and Sirunyan, and others",
	title         = "{Design, Performance, and Calibration of CMS Hadron-Barrel
	Calorimeter Wedges}",
	institution   = "CERN",
	collaboration = "CMS HCAL  COLLABORATION",
	number        = "CMS-NOTE-2006-138",
	year          = "2007",
	reportNumber  = "CMS-NOTE-2006-138",
	url           = "https://cds.cern.ch/record/1049915",
}
@misc{DeMelis:2197559,
	author        = "De Melis, Cinzia",
	title         = "{The CERN accelerator complex. Complexe des
	accélérateurs du CERN}",
	year          = "2016",
	reportNumber  = "OPEN-PHO-ACCEL-2016-009",
	url           = "https://cds.cern.ch/record/2197559",
}

@book{Bruning:782076,
	author        = "Br\"{u}ning, Oliver Sim and Collier, Paul and Lebrun, P and
	Myers, Stephen and Ostojic, Ranko and Poole, John and
	Proudlock, Paul",
	title         = "{LHC Design Report}",
	publisher     = "CERN",
	series        = "CERN Yellow Reports: Monographs",
	year          = "2004",
	url           = "https://cds.cern.ch/record/782076",
}
@unpublished{Jean-Luc:841539,
	author        = "Jean-Luc Caron",
	title         = "{Cross section of LHC dipole.. Dipole LHC: coupe
	transversale.}",
	year          = "1998",
	reportNumber  = "LHC-PHO-1998-341",
	url           = "https://cds.cern.ch/record/841539",
}
@article{Aad:2008zzm,
	author         = "Aad, G. and others",
	title          = "{The ATLAS Experiment at the CERN Large Hadron Collider}",
	collaboration  = "ATLAS COLLABORATION",
	journal        = "JINST",
	volume         = "3",
	year           = "2008",
	pages          = "S08003",
	doi            = "10.1088/1748-0221/3/08/S08003",
	SLACcitation   = "%%CITATION = JINST,3,S08003;%%"
}

@article{Chatrchyan:2008aa,
	author         = "Chatrchyan, S. and others",
	title          = "{The CMS Experiment at the CERN LHC}",
	collaboration  = "CMS COLLABORATION",
	journal        = "JINST",
	volume         = "3",
	year           = "2008",
	pages          = "S08004",
	doi            = "10.1088/1748-0221/3/08/S08004",
	SLACcitation   = "%%CITATION = JINST,3,S08004;%%"
}

@article{Aamodt:2008zz,
	author         = "Aamodt, K. and others",
	title          = "{The ALICE experiment at the CERN LHC}",
	collaboration  = "ALICE COLLABORATION",
	journal        = "JINST",
	volume         = "3",
	year           = "2008",
	pages          = "S08002",
	doi            = "10.1088/1748-0221/3/08/S08002",
	SLACcitation   = "%%CITATION = JINST,3,S08002;%%"
}

@article{Alves:2008zz,
	author         = "Alves, Jr., A. Augusto and others",
	title          = "{The LHCb Detector at the LHC}",
	collaboration  = "LHCb COLLABORATION",
	journal        = "JINST",
	volume         = "3",
	year           = "2008",
	pages          = "S08005",
	doi            = "10.1088/1748-0221/3/08/S08005",
	SLACcitation   = "%%CITATION = JINST,3,S08005;%%"
}

@article{Bongi:2010zz,
	author         = "Bongi, M. and others",
	title          = "{Astroparticle physics at LHC: The LHCf experiment ready
	for data taking}",
	journal        = "Nucl. Instrum. Meth. A",
	volume         = "612",
	year           = "2010",
	pages          = "451",
	doi            = "10.1016/j.nima.2009.08.039",
	SLACcitation   = "%%CITATION = NUIMA,A612,451;%%"
}

@article{Anelli:2008zza,
	author         = "Anelli, G. and others",
	title          = "{The TOTEM experiment at the CERN Large Hadron Collider}",
	collaboration  = "TOTEM COLLABORATION",
	journal        = "JINST",
	volume         = "3",
	year           = "2008",
	pages          = "S08007",
	doi            = "10.1088/1748-0221/3/08/S08007",
	SLACcitation   = "%%CITATION = JINST,3,S08007;%%"
}

@article{Acharya:2014nyr,
	author         = "Acharya, B. and others",
	title          = "{The Physics Programme Of The MoEDAL Experiment At The
	LHC}",
	collaboration  = "MoEDAL COLLABORATION",
	journal        = "Int. J. Mod. Phys. A",
	volume         = "29",
	year           = "2014",
	pages          = "1430050",
	doi            = "10.1142/S0217751X14300506",
	eprint         = "1405.7662",
	archivePrefix  = "arXiv",
	primaryClass   = "hep-ph",
	SLACcitation   = "%%CITATION = ARXIV:1405.7662;%%"
}

@article{Barate:2003sz,
	author         = "Barate, R. and others",
	title          = "{Search for the standard model Higgs boson at LEP}",
	collaboration  = "OPAL, DELPHI, LEP Working Group for Higgs boson searches,
	ALEPH, L3  COLLABORATION",
	journal        = "Phys. Lett. B",
	volume         = "565",
	year           = "2003",
	pages          = "61",
	doi            = "10.1016/S0370-2693(03)00614-2",
	eprint         = "hep-ex/0306033",
	archivePrefix  = "arXiv",
	primaryClass   = "hep-ex",
	reportNumber   = "CERN-EP-2003-011",
	SLACcitation   = "%%CITATION = HEP-EX/0306033;%%"
}

@article{Herner:2016woc,
	author         = "Herner, Kenneth",
	title          = "{Higgs Boson Studies at the Tevatron}",
	collaboration  = "CDF and D0  COLLABORATION",
	journal        = "Nucl. Part. Phys. Proc.",
	volume         = "273-275",
	year           = "2016",
	pages          = "852",
	doi            = "10.1016/j.nuclphysbps.2015.09.131",
	reportNumber   = "FERMILAB-CONF-14-582",
	SLACcitation   = "%%CITATION = FERMILAB-CONF-14-582;%%"
}

@article{Djouadi:2005gi,
	author         = "Djouadi, Abdelhak",
	title          = "{The Anatomy of electro-weak symmetry breaking. I: The
	Higgs boson in the standard model}",
	journal        = "Phys. Rept.",
	volume         = "457",
	year           = "2008",
	pages          = "1",
	doi            = "10.1016/j.physrep.2007.10.004",
	eprint         = "hep-ph/0503172",
	archivePrefix  = "arXiv",
	primaryClass   = "hep-ph",
	reportNumber   = "LPT-ORSAY-05-17",
	SLACcitation   = "%%CITATION = HEP-PH/0503172;%%"
}

@article{Chatrchyan:2012xdj,
	author         = "Chatrchyan, Serguei and others",
	title          = "{Observation of a new boson at a mass of 125 GeV with the
	CMS experiment at the LHC}",
	collaboration  = "CMS COLLABORATION",
	journal        = "Phys. Lett. B",
	volume         = "716",
	year           = "2012",
	pages          = "30",
	doi            = "10.1016/j.physletb.2012.08.021",
	eprint         = "1207.7235",
	archivePrefix  = "arXiv",
	primaryClass   = "hep-ex",
	reportNumber   = "CMS-HIG-12-028, CERN-PH-EP-2012-220",
	SLACcitation   = "%%CITATION = ARXIV:1207.7235;%%"
}
@article{Aad:2012tfa,
	author         = "Aad, Georges and others",
	title          = "{Observation of a new particle in the search for the
	Standard Model Higgs boson with the ATLAS detector at the
	LHC}",
	collaboration  = "ATLAS COLLABORATION",
	journal        = "Phys. Lett. B",
	volume         = "716",
	year           = "2012",
	pages          = "1",
	doi            = "10.1016/j.physletb.2012.08.020",
	eprint         = "1207.7214",
	archivePrefix  = "arXiv",
	primaryClass   = "hep-ex",
	reportNumber   = "CERN-PH-EP-2012-218",
	SLACcitation   = "%%CITATION = ARXIV:1207.7214;%%"
}
@online{Harriet:2212301,
	author        = "Harriet Jarlett and Harriet Kim Jarlett",
	title         = "{LHC pushes limits of performance }",
	year          = "2016",
	url           = "http://cds.cern.ch/record/2212301",
}
@online{Gillies:1997001,
	author        = "James Gillies",
	title         = "{Luminosity? Why don’t we just say collision rate?}",
	year          = "2011",
	url           = "http://cds.cern.ch/record/1997001",
}
@unpublished{Maximilien:1365795,
	author        = "Maximilien Brice",
	title         = "{Cross section of an LHC dipole in the tunnel.}",
	year          = "2011",
	reportNumber  = "CERN-AC-1107167",
	url           = "https://cds.cern.ch/record/1365795",
}
@book{Myers:226776,
	author        = "Myers, Stephen",
	title         = "{The LEP Collider, from design to approval and
	commissioning}",
	publisher     = "CERN",
	series        = "John Adams' Lecture",
	year          = "1991",
	url           = "http://cds.cern.ch/record/226776",
}
@article{1748-0221-6-08-T08001,
	author={Stephen Holmes and Ronald S Moore and Vladimir Shiltsev},
	title={Overview of the Tevatron collider complex: goals, operations and performance},
	journal={JINST},
	volume={6},
	number={08},
	pages={T08001},
	url={http://stacks.iop.org/1748-0221/6/i=08/a=T08001},
	year={2011}
 }