@techreport{Wenninger:2254678,
	author        = "Wenninger, Jorg and Todesco, Ezio",
	title         = "{Large Hadron Collider momentum calibration and accuracy}",
	institution   = "CERN",
	address       = "Geneva",
	number        = "CERN-ACC-2017-0007",
	month         = "Feb",
	year          = "2017",
	reportNumber  = "CERN-ACC-2017-0007",
	url           = "https://cds.cern.ch/record/2254678",
}
@book{CMS,
	title         = "{Technical proposal}",
	publisher     = "CERN",
	collaboration = "CMS Collaboration",
	address       = "Geneva",
	series        = "LHC Tech. Proposal",
	year          = "1994",
	url           = "https://cds.cern.ch/record/290969",
	note          = "Cover title : CMS, the Compact Muon Solenoid : technical
	proposal",
}
@article{Bayatian:2006zz,
	author         = "Bayatian, G. L. and others",
	title          = "{CMS physics: Technical design report}",
	collaboration  = "CMS",
	year           = "2006",
	reportNumber   = "CERN-LHCC-2006-001, CMS-TDR-008-1",
	SLACcitation   = "%%CITATION = CERN-LHCC-2006-001;%%"
}
@unpublished{CMSdraw,
	author        = "Collaboration, CMS",
	title         = "{Detector Drawings}",
	month         = "Mar",
	year          = "2012",
	reportNumber  = "CMS-PHO-GEN-2012-002",
	url           = "https://cds.cern.ch/record/1433717",
	note          = "CMS Collection.",
}
