@article{Mangano:2016jyj,
      author         = "Mangano, M. L. and others",
      title          = "{Physics at a 100 TeV pp collider: Standard Model
                        processes}",
      journal        = "CERN Yellow Report",
      year           = "2017",
      number         = "3",
      pages          = "1",
      doi            = "10.23731/CYRM-2017-003.1",
      eprint         = "1607.01831",
      archivePrefix  = "arXiv",
      primaryClass   = "hep-ph",
      reportNumber   = "CERN-TH-2016-112, FERMILAB-FN-1021-T",
      SLACcitation   = "%%CITATION = ARXIV:1607.01831;%%"
}
@article{Khanpour:2014xla,
	author         = "Khanpour, Hamzeh and Khatibi, Sara and Khatiri Yanehsari,
	Morteza and Mohammadi Najafabadi, Mojtaba",
	title          = "{Single top quark production as a probe of anomalous
		$tq\gamma$ and $tqZ$ couplings at the FCC-ee}",
	journal        = "Phys. Lett. B",
	volume         = "775",
	year           = "2017",
	pages          = "25",
	doi            = "10.1016/j.physletb.2017.10.047",
	eprint         = "1408.2090",
	archivePrefix  = "arXiv",
	primaryClass   = "hep-ph",
	SLACcitation   = "%%CITATION = ARXIV:1408.2090;%%"
}
@inproceedings{Agashe:2013hma,
	author         = "Agashe, K. and others",
	title          = "{Working Group Report: Top Quark}",
	collaboration  = "Top Quark Working Group",
	year           = "2013",
	eprint         = "1311.2028",
	archivePrefix  = "arXiv",
	primaryClass   = "hep-ph",
	SLACcitation   = "%%CITATION = ARXIV:1311.2028;%%"
}
@article{Liu:2015kkp,
	author         = "Liu, Wei and Sun, Hao and Wang, XiaoJuan and Luo, Xuan",
	title          = "{Probing the anomalous FCNC top-Higgs Yukawa couplings at
		the Large Hadron Electron Collider}",
	journal        = "Phys. Rev. D",
	volume         = "92",
	year           = "2015",
	number         = "7",
	pages          = "074015",
	doi            = "10.1103/PhysRevD.92.074015",
	eprint         = "1507.03264",
	archivePrefix  = "arXiv",
	primaryClass   = "hep-ph",
	SLACcitation   = "%%CITATION = ARXIV:1507.03264;%%"
}