@online{Filters,
	author = {Jordan Damgov},
	title = {Missing Et Optional Filters Run 2},
	date = {04 Oct},
	url = {https://twiki.cern.ch/twiki/bin/viewauth/CMS/MissingETOptionalFiltersRun2},
	year = {2017}
}
