@article{Aubert:1974js,
      author         = "Aubert, J. J. and others",
      title          = "{Experimental Observation of a Heavy Particle $J$}",
        journal        = "Phys. Rev. Lett.",
      volume         = "33",
      year           = "1974",
      pages          = "1404",
      doi            = "10.1103/PhysRevLett.33.1404",
      reportNumber   = "COO-3069-271",
      SLACcitation   = "%%CITATION = PRLTA,33,1404;%%"
}
@article{Acosta:2005eu,
	author         = "Acosta, D. and others",
	title          = "{First evidence for $B_s^0 \to \phi \phi$ decay and
		measurements of branching ratio and $A_{CP}$ for $B^+ \to
		\phi K^+$}",
	collaboration  = "CDF COLLABORATION",
	journal        = "Phys. Rev. Lett.",
	volume         = "95",
	year           = "2005",
	pages          = "031801",
	doi            = "10.1103/PhysRevLett.95.031801",
	eprint         = "hep-ex/0502044",
	archivePrefix  = "arXiv",
	primaryClass   = "hep-ex",
	reportNumber   = "FERMILAB-PUB-05-027-E",
	SLACcitation   = "%%CITATION = HEP-EX/0502044;%%"
}
@article{CMS:2014xfa,
	author         = "Khachatryan, Vardan and others",
	title          = "{Observation of the rare $B^0_s\to\mu^+\mu^-$ decay from
		the combined analysis of CMS and LHCb data}",
	collaboration  = "LHCb and CMS COLLABORATION",
	journal        = "Nature",
	volume         = "522",
	year           = "2015",
	pages          = "68",
	doi            = "10.1038/nature14474",
	eprint         = "1411.4413",
	archivePrefix  = "arXiv",
	primaryClass   = "hep-ex",
	reportNumber   = "CERN-PH-EP-2014-220, CMS-BPH-13-007, LHCB-PAPER-2014-049",
	SLACcitation   = "%%CITATION = ARXIV:1411.4413;%%"
}
@article{Altmannshofer:2013foa,
	author         = "Altmannshofer, Wolfgang and Straub, David M.",
	title          = "{New Physics in $B \to K^*\mu\mu$?}",
	journal        = "Eur. Phys. J. C",
	volume         = "73",
	year           = "2013",
	pages          = "2646",
	doi            = "10.1140/epjc/s10052-013-2646-9",
	eprint         = "1308.1501",
	archivePrefix  = "arXiv",
	primaryClass   = "hep-ph",
	reportNumber   = "FERMILAB-PUB-13-310-T, MITP-13-047",
	SLACcitation   = "%%CITATION = ARXIV:1308.1501;%%"
}