@article{PDG,
      author         = "Patrignani, C. and others",
      title          = "{Review of Particle Physics}",
      collaboration  = "Particle Data Group",
      journal        = "Chin. Phys.",
      volume         = "C40",
      year           = "2016",
      number         = "10",
      pages          = "100001",
      doi            = "10.1088/1674-1137/40/10/100001",
      SLACcitation   = "%%CITATION = CHPHD,C40,100001;%%"
}
@article{electrondiscovery,
	author={Nadia Robotti},
	title={The discovery of the electron: I},
	journal={European Journal of Physics},
	volume={18},
	number={3},
	pages={133},
	url={http://stacks.iop.org/0143-0807/18/i=3/a=002},
	year={1997}
}
@article{observationtopD0,
	author         = "Abachi, S. and others",
	title          = "{Observation of the top quark}",
	collaboration  = "D0",
	journal        = "Phys. Rev. Lett.",
	volume         = "74",
	year           = "1995",
	pages          = "2632-2637",
	doi            = "10.1103/PhysRevLett.74.2632",
	eprint         = "hep-ex/9503003",
	archivePrefix  = "arXiv",
	primaryClass   = "hep-ex",
	reportNumber   = "FERMILAB-PUB-95-028-E",
	SLACcitation   = "%%CITATION = HEP-EX/9503003;%%"
}
@article{observationtopCDF,
	author         = "Abe, F. and others",
	title          = "{Observation of top quark production in $\bar{p}p$
	collisions}",
	collaboration  = "CDF",
	journal        = "Phys. Rev. Lett.",
	volume         = "74",
	year           = "1995",
	pages          = "2626-2631",
	doi            = "10.1103/PhysRevLett.74.2626",
	eprint         = "hep-ex/9503002",
	archivePrefix  = "arXiv",
	primaryClass   = "hep-ex",
	reportNumber   = "FERMILAB-PUB-95-022-E, CDF-PUB-TOP-PUBLIC-3040,
	ANL-HEP-PR-95-44",
	SLACcitation   = "%%CITATION = HEP-EX/9503002;%%"
}
@book{Peskin:257493,
	author        = "Peskin, Michael E and Schroeder, Daniel V",
	title         = "{An introduction to quantum field theory; 1995 ed.}",
	publisher     = "Westview",
	address       = "Boulder, CO",
	year          = "1995",
	url           = "https://cds.cern.ch/record/257493",
	note          = "Includes exercises",
}