
  	
@article{1126-6708-2009-09-111,
  author={Simone Alioli and Paolo Nason and Carlo Oleari and Emanuele Re},
  title={NLO single-top production matched with shower in POWHEG: s - and t -channel contributions},
  journal={Journal of High Energy Physics},
  volume={2009},
  number={09},
  pages={111},
  url={http://stacks.iop.org/1126-6708/2009/i=09/a=111},
  year={2009},
  abstract={We present a next-to-leading order calculation of single-top production interfaced to Shower Monte Carlo programs, implemented according to the POWHEG method. A detailed comparison with MCatNLO and PYTHIA is carried out for several observables, for the Tevatron and LHC colliders.}
}
	