@article{CMS-PRF-14-001,
	author         = "Sirunyan, A. M. and others",
	title          = "Particle-flow reconstruction and global event description with the CMS detector",
	collaboration  = "CMS",
	journal     = "JINST",
	volume    = "12",
	year         = "2017",
	pages      = "P10003",
	doi           = "10.1088/1748-0221/12/10/P10003",
	eprint         = "1706.04965",
	archivePrefix  = "arXiv",
	primaryClass   = "physics.ins-det",
	reportNumber   = "CMS-PRF-14-001, CERN-EP-2017-110",
	SLACcitation   = "%%CITATION = ARXIV:1706.04965;%%",
}
@article{CMS-DP-2017-007,
	title         = "{Muon Identification and Isolation efficiency on full 2016
	dataset}",
	collaboration = "CMS Collaboration",
	month         = "Mar",
	year          = "2017",
	reportNumber  = "CMS-DP-2017-007",
	url           = "http://cds.cern.ch/record/2257968",
}
@article{CMS-DP-2017-004,
      title         = "{Electron and photon performance in CMS with the full 2016
                       data sample.}",
      collaboration = "CMS Collaboration",
      month         = "Mar",
      year          = "2017",
      reportNumber  = "CMS-DP-2017-004",
      url           = "http://cds.cern.ch/record/2255497",
}
@techreport{CMS-PAS-JME-16-003,
      title         = "{Jet algorithms performance in 13 TeV data}",
      institution   = "CERN",
      collaboration = "CMS Collaboration",
      address       = "Geneva",
      number        = "CMS-PAS-JME-16-003",
      year          = "2017",
      reportNumber  = "CMS-PAS-JME-16-003",
      url           = "http://cds.cern.ch/record/2256875",
}
@article{Cacciari:2008gp,
      author         = "Cacciari, Matteo and Salam, Gavin P. and Soyez, Gregory",
      title          = "{The Anti-k(t) jet clustering algorithm}",
      journal        = "JHEP",
      volume         = "04",
      year           = "2008",
      pages          = "063",
      doi            = "10.1088/1126-6708/2008/04/063",
      eprint         = "0802.1189",
      archivePrefix  = "arXiv",
      primaryClass   = "hep-ph",
      reportNumber   = "LPTHE-07-03",
      SLACcitation   = "%%CITATION = ARXIV:0802.1189;%%"
}
@techreport{CMS-PAS-JME-14-001,
      title         = "{Pileup Removal Algorithms}",
      institution   = "CERN",
      collaboration = "CMS Collaboration",
      address       = "Geneva",
      number        = "CMS-PAS-JME-14-001",
      year          = "2014",
      reportNumber  = "CMS-PAS-JME-14-001",
      url           = "http://cds.cern.ch/record/1751454",
}
@online{ilya,
	title="Effective areas used for Summer16 samples",
	url = {https://indico.cern.ch/event/482673/contributions/2187022/ attachments/1282446/1905912/talk_electron_ID_spring16.pdf},
	date={20 May}, 
	year = {2017}
}
@techreport{CMS-PAS-LUM-17-001,
	title         = "{CMS Luminosity Measurements for the 2016 Data Taking
	Period}",
	collaboration = "CMS",
	year          = "2017",
	 TYPE        = "CMS Physics Analysis Summary",
	Number  = "CMS-PAS-LUM-17-001",
	url           = "https://cds.cern.ch/record/2257069",
}