@techreport{CMS-PAS-TOP-16-020,
      title         = "{Evidence for the standard model production of a Z boson
                       with a single top quark in pp collisions at
                       $\sqrt{s}=13~\mathrm{TeV}$}",
      institution   = "CERN",
      collaboration = "CMS COLLABORATION",
       number        = "CMS-PAS-TOP-16-020",
      year          = "2017",
      reportNumber  = "CMS-PAS-TOP-16-020",
      url           = "http://cds.cern.ch/record/2284830",
}
@techreport{CMS-PAS-TOP-17-003,
	title         = "{Search for the flavor-changing interactions of the top
	quark with the Higgs boson in $H \to b\bar{b}$ channel at
	$\sqrt{s}=13~\mathrm{TeV}$}",
	institution   = "CERN",
	collaboration = "CMS COLLABORATION",
	number        = "CMS-PAS-TOP-17-003",
	year          = "2017",
	reportNumber  = "CMS-PAS-TOP-17-003",
	url           = "https://cds.cern.ch/record/2284743",
}
@article{Khachatryan:2216557,
    author        = "Khachatryan, V. and Sirunyan, Albert M and others",
      title         = "{Measurement of the WZ production cross section in pp
                       collisions at $\sqrt{s} = $ 7 and 8 TeV and search for
                       anomalous triple gauge couplings at $ \sqrt{s} = $ 8 TeV}",
      journal       = "Eur. Phys. J. C",
      collaboration = "CMS COLLABORATION",
      number        = "CMS-SMP-14-014",
      volume        = "77",
      pages         = "236",
      year          = "2016",
      reportNumber  = "CMS-SMP-14-014",
     doi="10.1140/epjc/s10052-017-4730-z",
      url           = "https://cds.cern.ch/record/2216557"
  }
  @article{Khachatryan:1712680,
      author        = "Khachatryan, Vardan and Sirunyan, Albert M and others", 
            title         = "{Measurement of top quark-antiquark pair production in
                       association with a W or Z boson in pp collisions at
                       $\sqrt{s}$ = 8 TeV}",
      journal       = "Eur. Phys. J. C",
      collaboration = "CMS COLLABORATION",
      number        = "CMS-TOP-12-036. CERN-PH-EP-2014-136. CMS-TOP-12-036",
      volume        = "74",
      pages         = "3060",
      year          = "2014",
      reportNumber  = "CMS-TOP-12-036",
      url           = "https://cds.cern.ch/record/1712680"
  }
  @article{Aad:2055247,
      author        = "Aad, Georges and Abbott, Brad and others", 
            title         = "{Measurements of four-lepton production in $pp$ collisions
                       at $\sqrt{s}=$8 TeV with the ATLAS detector}",
      journal       = "Phys. Lett. B",
      collaboration = "ATLAS COLLABORATION",
      eprint = "1509.07844", 
      archivePrefix = "arXiv", 
      volume        = "753",
      pages         = "552",
      year          = "2015",
      url           = "https://cds.cern.ch/record/2055247"
 }
      